2752 4718
392 175 501 230 LIBER
519 173 567 229 ΙΙΙ.
605 173 682 228 oAP.
703 178 815 228 10-12.
1188 172 1229 236 13

54 347 135 406 diam
158 346 319 423 inicerent,
342 340 458 420 orabat,
482 340 576 400 donec
599 339 752 399 fatisceret
775 338 880 399 seditio
901 347 931 399 et
949 346 1081 399 extremo
1101 341 1161 400 iam
1181 338 1229 399 dic

55 453 109 495 sna
133 435 260 512 quisque
283 433 315 491 in
337 431 465 490 tentoria
493 426 703 488 dilaberentur.
744 427 898 506 profectus
926 427 1027 488 eadem
1056 436 1143 489 nocte
1165 426 1229 488 Fla-

55 525 161 583 vianus
185 520 280 580 obviis
303 517 476 596 Vespasiani
497 515 593 576 literis
616 515 784 576 discrimini
806 523 961 594 exemptus
985 526 1043 576 est·
1243 528 1270 569 ss

146 609 293 686 Legiones
326 605 408 666 velut
438 603 506 665 tabe
533 603 661 664 infectae
693 605 840 682 Aponium
876 603 1071 664 Saturninum
1107 604 1231 664 Moesici
1243 601 1281 665 11

56 699 209 759 exercitus
232 696 363 772 legatum
386 711 421 754 eo
444 694 576 753 atrocius
598 691 827 773 adgrediuntur,
851 693 930 771 quod
953 711 1014 753 non
1036 699 1072 754 ut
1088 696 1173 771 prius
1192 692 1231 752 la·

59 787 133 846 bore
158 793 188 844 et
210 801 301 862 opere
324 783 433 860 fessae,
456 781 508 841 sed
528 779 624 841 medio
646 781 706 841 diei
725 789 909 861 exarserant,
936 781 1063 860 vulgatis
1087 781 1231 860 epistulis,

59 890 136 952 quas
155 872 335 932 Saturninus
358 870 393 931 ad
413 869 561 930 Vitellium
581 871 738 948 scripsisse
757 869 943 930 credebatur.
976 880 1009 930 nt
1028 870 1099 930 olim
1112 871 1232 930 virtutis

58 961 295 1040 modestiaeque,
322 968 394 1020 tuno
417 959 608 1037 procacitatis
636 965 667 1018 et
700 957 880 1037 petulantiae
908 966 1059 1020 certamen
1089 966 1166 1038 erat,
1194 971 1259 1018 nes

58 1051 159 1110 minus
182 1047 328 1109 violenter
350 1048 498 1125 Aponium
522 1064 610 1124 quam
634 1045 806 1106 Flavianum
829 1047 866 1106 ad
889 1047 1068 1126 supplicium
1092 1047 1232 1126 deposce·

58 1146 133 1208 rent.
163 1139 274 1216 quippe
293 1136 438 1196 Moesicae
456 1135 588 1213 legiones
607 1134 737 1195 adiutam
756 1153 772 1194 n
791 1153 823 1195 se
837 1135 1075 1196 Pannonicorum
1088 1136 1233 1196 ultionem

59 1226 240 1306 relerentes,
260 1233 290 1285 et
307 1225 484 1304 Pannonici,
508 1223 589 1283 velut
608 1222 833 1284 absolverentur
856 1223 982 1284 aliorum
1001 1224 1160 1303 seditione,
1179 1226 1233 1284 ite·

59 1333 128 1375 rare
151 1314 267 1393 culpam
291 1312 467 1392 gaudebant.
504 1313 534 1372 in
553 1312 670 1391 hortos,
692 1314 724 1372 in
744 1311 853 1391 quibus
872 1312 1081 1373 devertebatur
1100 1312 1233 1372 Saturni-

58 1421 129 1483 nus,
148 1410 286 1482 perguut.
316 1421 372 1462 nec
391 1409 451 1462 tam
470 1399 589 1460 Primus
608 1409 639 1460 et
653 1402 824 1479 Aponianus
843 1409 873 1461 et
887 1399 1030 1480 Messalla,
1055 1418 1232 1480 quamquam
1247 1413 1274 1454 1⁰

58 1493 140 1555 omni
162 1491 250 1551 modo
274 1492 347 1570 nisi,
366 1491 505 1568 eripuere
525 1488 720 1549 Saturninum
743 1508 832 1567 quam
856 1489 1023 1550 obscuritas
1043 1489 1234 1569 latebrarum,

58 1580 170 1659 quibus
194 1578 400 1653 occulebatur,
431 1579 599 1638 vacantium
622 1571 698 1638 forte
717 1576 889 1638 balnearum
912 1577 1084 1639 fornacibus
1107 1577 1234 1639 abditus.

57 1687 128 1727 mox
152 1669 270 1726 omissis
298 1665 455 1726 lictoribus
483 1665 636 1726 Patavium
664 1668 821 1726 concessit.
867 1666 1004 1744 digressu
1033 1666 1235 1727 consularium

58 1757 113 1814 uni
135 1755 264 1813 Antonio
292 1756 337 1813 vis
365 1772 399 1812 ac
427 1761 558 1830 potestas
582 1755 613 1812 in
637 1762 798 1831 utrumque
822 1756 986 1815 exercitum
1009 1757 1080 1829 fuit,
1103 1755 1235 1815 cedenti-

59 1841 117 1902 bus
145 1840 267 1918 collegis
290 1848 320 1900 et
343 1839 478 1900 obversis
499 1840 629 1899 militum
652 1840 768 1899 studiis.
814 1858 870 1900 nec
894 1841 1029 1920 deerant,
1058 1845 1110 1919 qui
1133 1841 1276 1902 crede-15

58 1937 128 1991 rent
155 1937 314 2007 utramque
343 1927 521 1988 seditionem
548 1926 652 1987 fraude
675 1928 797 1987 Antonii
824 1935 972 2008 coeptam,
1000 1937 1034 1988 ut
1053 1929 1134 1989 solus
1157 1928 1235 1989 bello

59 2019 222 2078 frueretur.

146 2104 190 2166 Ne
213 2107 245 2164 in
264 2103 374 2165 Vitellii
398 2104 518 2182 quidem
541 2102 678 2182 partibus
697 2105 815 2183 quietae
835 2113 963 2166 mentes:
987 2107 1157 2184 exitiosiore
1176 2103 1289 2169 ais-12

57 2194 161 2256 cordia
188 2211 248 2253 non
282 2192 503 2272 suspicionibus
531 2191 624 2272 vulgi,
658 2193 710 2254 sed
738 2194 863 2272 perfidia
891 2194 1002 2254 ducum
1029 2194 1236 2256 turbabantur.

62 2282 196 2343 Lucilius
228 2282 339 2342 Bassus
372 2280 475 2342 classis
507 2280 687 2342 Ravennatis
718 2283 889 2362 praelectus
922 2283 1076 2362 ambiguos
1107 2283 1237 2344 militum

98 2423 143 2472 23.
171 2422 288 2472 extrem
313 2416 369 2488 die]
399 2417 492 2471 Madv.
522 2422 621 2481 5311.

60 2487 176 2542 Schultz
186 2493 201 2552 ξ
212 2494 273 2543 306.
294 2487 427 2556 Heraeus,
437 2486 622 2556 lstschulgr.

63 2564 165 2624 5161,
185 2564 210 2612 s.

99 2627 624 2698 25.obuios‘unterwegseintreffend’.

61 2700 104 2754 rt
119 2700 215 2752 wurde
234 2714 285 2752 uns
302 2699 439 2766 Hoflager
457 2697 625 2766 Vespasians

61 2769 180 2822 berufen
206 2769 265 2821 und
292 2785 323 2823 so
346 2769 396 2821 der
418 2766 626 2835 Lebensgefabr

62 2839 214 2894 enthoben.

101 2909 148 2963 11.
164 2916 187 2964 1.
203 2910 265 2964 tabe
277 2908 407 2978 infectae]
423 2925 445 2962 s.
460 2926 494 2961 aa
508 2907 529 2976 I,
544 2913 588 2975 26,
600 2914 623 2962 1.

100 2985 125 3033 2.
145 2981 265 3036 atrocius
286 2977 518 3034 ‘bedrohliober’.

100 3057 125 3106 3.
144 3053 231 3106 medio
249 3051 316 3122 diei]
337 3068 358 3106 s.
378 3068 411 3104 au
429 3067 452 3104 c.
473 3055 515 3117 ¹19,
536 3057 560 3103 1.

100 3126 126 3176 4.
149 3123 288 3192 scripsisse
307 3121 478 3192 credebatur]
502 3139 523 3175 s.
547 3137 581 3174 zu
600 3136 623 3174 o.

63 3198 90 3259 4,
110 3199 134 3246 c.

101 3267 126 3316 b.
144 3264 298 3332 modestiae]
324 3281 344 3317 s.
363 3281 398 3316 au
415 3263 440 3330 Ι,
460 3267 508 3330 52,
528 3267 570 3316 10.
591 3291 625 3301 -

64 3335 105 3388 Zu
124 3335 281 3400 procacitas
304 3333 363 3387 und
387 3333 546 3401 petulantia
569 3332 625 3401 vgl.

67 3421 90 3457 ο.
108 3409 150 3469 se,
165 3408 189 3458 s.
208 3405 256 3472 iv,
276 3411 301 3472 1,
317 3410 358 3459 13.
374 3433 407 3443 -
421 3390 499 3457 iiber
513 3403 563 3456 das
576 3418 626 3457 vor

65 3480 134 3529 tunc
152 3472 282 3528 fehlende
300 3475 343 3528 ita
361 3493 381 3529 s
400 3473 474 3541 aul,
494 3479 535 3540 75,
555 3479 580 3528 2.

104 3551 129 3598 8.
139 3545 224 3615 velut]
240 3544 280 3597 im
291 3542 375 3597 Sinne
389 3545 438 3599 des
451 3545 627 3598 klassischen

66 3615 141 3670 velut
158 3615 198 3680 si;
217 3615 303 3668 etwas
322 3613 422 3668 andere
440 3613 475 3682 Π,
494 3619 519 3681 8,
539 3621 564 3668 1.

104 3691 129 3741 9.
156 3685 277 3754 gaudere
304 3683 357 3737 mit
385 3683 449 3738 dem
475 3684 528 3739 Iul.
555 3684 629 3738 nach

67 3755 286 3810 dichterisohem
302 3755 438 3823 Brauohe,
456 3771 536 3808 wenn
552 3754 630 3808 nicht

68 3826 122 3881 mii
141 3826 265 3881 Kraffert
282 3826 381 3881 iterari
400 3843 432 3878 au
450 3825 529 3878 lotan
547 3823 594 3880 isi.

105 3898 208 3952 deuerti
237 3899 316 3952 sonet
343 3895 396 3950 mii
422 3897 455 3950 iu
481 3895 538 3949 und
566 3895 631 3949 dem

69 3968 136 4022 Aoc.
156 3968 332 4035 verbunden,
351 3966 413 4022 hier
427 3992 462 4013 ·=
475 3965 630 4022 deverticu-

69 4039 130 4092 lnm
148 4037 260 4093 habete.

108 4115 150 4164 10.
170 4109 346 4179 quamquam]
367 4109 394 4164 S.
414 4127 447 4162 tu
466 4125 489 4164 o.
508 4113 534 4177 2,
554 4112 595 4163 18.

108 4185 151 4236 11.
170 4181 273 4248 eripere
292 4179 405 4234 absolut
423 4205 456 4225 ==
477 4178 632 4233 ‘emettan’.

108 4256 281 4346 123ooeons
311 4250 518 4318 ‘leerstehend,
547 4251 633 4305 unbe-

70 4323 174 4376 nutet.

714 2423 755 2472 13.
780 2419 900 2473 omittere
927 2417 1099 2474 ‘versichten
1122 2419 1172 2473 auf
1189 2418 1235 2459 -'

678 2489 750 2543 stati
772 2488 820 2543 des
837 2487 1083 2559 gewbbnlicberen
1101 2491 1238 2544 dimittere

680 2559 784 2630 ‘gehen
793 2559 908 2614 lassen'.
924 2560 1238 2630 Diessonsularlegaien

677 2631 779 2684 hatten
796 2628 939 2684 Liktoran.

714 2700 851 2770 digressu]
871 2699 925 2754 wie
943 2701 1062 2756 ademit
1080 2717 1104 2756 e.
1124 2708 1167 2768 10,
1187 2707 1211 2754 1.

716 2769 914 2838 consulor-ium]
938 2770 984 2822 fiir
1007 2772 1157 2838 legatorum
1176 2787 1239 2826 eort-

676 2840 827 2905 sulorium‚
860 2839 909 2893 der
937 2839 1106 2896 Statthslter
1133 2841 1239 2896 kaiser-

677 2908 767 2964 lioher
784 2909 950 2965 Provinaen.

715 2986 757 3034 14.
772 2982 813 3034 eis
827 2997 860 3035 oe
873 2981 1008 3052 potestas]
1024 2999 1044 3038 s.
1058 3001 1091 3036 zu
1106 2983 1141 3049 ΙΙ,
1156 2988 1199 3051 39,
1214 2988 1239 3036 2.

713 3052 781 3123 fuit]
798 3051 886 3106 ‘ward
901 3053 946 3120 (zu
957 3051 1042 3121 teitu,
1052 3053 1105 3108 wis
1116 3047 1238 3122 ἐγένετο.

679 3195 690 3248 l
714 3124 805 3219 cedere
821 3122 887 3177 ‘den
901 3121 1031 3192 Vortritt‚
1047 3125 1100 3178 den
1110 3124 1241 3196 Vorreng

692 3210 794 3248 essen.

715 3270 757 3320 15.
780 3264 899 3335 collegis]
925 3264 944 3319 i.
964 3280 987 3320 e.
1012 3265 1112 3320 ceteris
1137 3264 1240 3336 legatis
1346 3269 1348 3272 ⁴

678 3335 831 3404 legionum.

714 3407 832 3461 obtusis
864 3405 1042 3468 scincum,
1085 3407 1137 3461 Die
1161 3406 1240 3475 Sym·

680 3475 796 3600 plptbien
841 3494 871 3531 er
894 3475 1030 3598 {pldeten
1055 3476 1155 3532 hatten
1181 3477 1241 3532 sich

680 3565 740 3600 im
759 3563 892 3615 augewan
927 3589 933 3600 .

719 3622 760 3672 16.
780 3617 861 3683 fratis
882 3616 998 3686 ‘Tfioko,
1017 3616 1156 3672 Boshaii'.

719 3687 767 3742 12.
792 3687 834 3740 Im
852 3687 1004 3754 folgenden
1026 3687 1110 3742 kebrt
1128 3688 1174 3742 die
1192 3689 1242 3742 Er-

684 3757 806 3880 n‘thlulpg
817 3776 879 3810 aum
896 3757 1026 3813 Schlusse
1037 3758 1086 3813 dos
1098 3765 1123 3814 2.
1132 3759 1242 3815 Buches

684 3832 767 3881 aurito
790 3869 796 3884 .

721 3905 745 3954 1.
764 3915 798 3953 rte
817 3930 851 3938 -
868 3900 989 3971 quidem]
1008 3919 1029 3955 s.
1049 3920 1083 3954 zu
1100 3902 1135 3969 II,
1156 3907 1198 3969 15,
1218 3909 1243 3959 6.

684 3967 1243 4044 DiesalberbetorisobeAntithesell,15

684 4057 734 4096 uec
753 4040 896 4096 Vitelliani
913 4060 1078 4113 quamquam
1090 4045 1157 4098 vicii
1169 4045 1244 4114 quie·

685 4128 757 4166 vere:
785 4114 880 4167 acatis
907 4114 1025 4168 auxiliis
1048 4129 1172 4168 securum
1196 4116 1244 4168 ito-

685 4187 750 4237 stem
770 4223 776 4236 .
793 4224 798 4236 .
815 4226 821 4238 .
840 4185 993 4250 iuuadunt;
1016 4201 1039 4240 c.
1060 4191 1093 4238 16
1112 4191 1137 4240 et
1155 4186 1245 4240 avum

686 4257 794 4321 repente
808 4255 906 4321 animi,
924 4272 974 4310 nec
987 4261 1078 4309 tamen
1092 4261 1189 4324 operto
1202 4257 1243 4314 oi:

687 4329 784 4393 opium
801 4329 907 4394 ternpus
924 4326 1036 4381 insidiis
1054 4327 1145 4396 legem.
