2752 4718
125 184 170 249 60
519 181 640 237 usum
658 181 911 237 menonnuuu

86 363 112 404 1⁵
126 357 335 411 monstrantes.
381 348 509 410 Sabinus
542 347 702 408 inhabilem
738 346 834 408 labori
870 355 901 408 et
932 347 1073 409 audaciae
1103 345 1299 408 valetudinem

126 437 317 500 causabatur:
340 437 506 498 Domitiano
525 437 627 497 aderat
645 438 775 516 animus,
799 435 852 496 sed
871 436 1012 497 custodes
1030 435 1182 497 aVitellio
1201 436 1297 516 addid,

126 545 305 606 quamquam
328 545 360 587 se
383 529 481 586 socios
501 526 587 604 lugae
605 527 829 604 promitterent,
852 531 1004 603 tamquam
1022 524 1202 585 insidiantes
1221 526 1298 585 timc-

126 615 243 676 bantur.
279 623 369 695 atque
391 617 457 693 ipse
480 613 616 675 Vitellius
638 621 780 692 respectu
803 631 925 673 suarum
948 612 1209 674 necessitudinum
1231 611 1299 674 nihil

125 707 157 764 in
180 703 380 764 Domitianum
403 711 487 763 atrox
510 701 642 780 parabat.

74 788 118 853 60
216 792 313 853 Duces
336 793 466 871 partium
494 799 529 851 ut
555 788 693 851 Carsulas
719 806 843 869 venere,
869 807 982 868 paucos
1009 789 1045 849 ad
1074 791 1214 869 requiem
1241 789 1299 851 dies

127 888 262 959 sumunt,
285 881 380 940 donec
404 879 519 959 aquilae
542 880 685 958 signaque
708 877 855 955 legionem
881 878 1129 956 adsequerentur.
1166 887 1199 939 et
1221 877 1300 939 locus

126 971 192 1047 ipse
215 976 383 1028 castrorum
405 967 553 1047 placebat,
581 966 638 1027 late
661 974 871 1045 prospectans,
899 974 964 1026 tuto
992 968 1149 1045 copiarum
1171 967 1301 1046 adgestu,

42 1062 50 1073 ‘
126 1056 346 1116 florentissimis
369 1075 446 1135 pone
469 1065 587 1135 tergum
610 1056 799 1135 municipiis;
827 1053 916 1114 simul
939 1054 1098 1133 conloquia
1121 1073 1192 1116 cum
1215 1053 1298 1117 Vitel-

101 1144 215 1205 ⁵lianis
235 1145 339 1205 decem
357 1144 472 1205 milium
491 1146 586 1223 spatio
605 1142 785 1204 distantibus
804 1151 835 1203 et
852 1143 983 1221 proditio
1002 1142 1190 1222 sperabatur.
1219 1160 1301 1222 aegre

128 1232 159 1293 id
182 1235 244 1312 pati
266 1233 351 1294 miles
374 1242 405 1293 ct
427 1235 581 1294 victoriam
606 1231 691 1292 malle
714 1249 804 1310 quam
826 1249 944 1311 pacem;
967 1249 1006 1291 ne
1029 1249 1099 1292 suas
1119 1232 1243 1311 quidem
1265 1231 1300 1292 le

128 1323 231 1401 giones
254 1321 486 1400 opperiebantur
506 1329 543 1381 ut
569 1320 696 1398 praedae
724 1338 813 1398 quam
840 1319 1045 1398 periculorum
1074 1322 1181 1381 socias.
1223 1337 1302 1383 voca·

128 1418 176 1470 tos
199 1410 235 1470 ad
259 1412 428 1469 contionem
450 1410 598 1470 Antonius
620 1409 723 1469 docuit
745 1426 812 1469 esse
835 1408 932 1468 adbuc
955 1407 1072 1468 Vitellio
1093 1411 1191 1490 vires,
1215 1408 1302 1470 ambi·

129 1516 211 1577 guas,
230 1499 257 1557 si
275 1497 483 1577 deliberarent,
500 1515 593 1576 auree,
608 1500 634 1557 si
652 1497 870 1576 desperassent.
902 1497 986 1557 initia
1005 1496 1154 1558 bellorum
1175 1497 1303 1559 civilium

90 1599 118 1639 ιο
132 1585 268 1645 fortunae
296 1586 508 1664 permittenda:
541 1587 695 1645 victoriam
722 1584 855 1646 consiliis
883 1593 913 1644 et
940 1587 1056 1645 ratione
1088 1587 1205 1664 perfici
1250 1589 1305 1647 iam

130 1673 329 1734 Misenensem
353 1672 477 1734 classem
504 1681 534 1734 et
560 1671 792 1752 pulcherrimam
820 1673 996 1751 Campaniae
1025 1691 1107 1734 oram
1135 1674 1306 1756 descivisse,

130 1780 186 1823 nec
209 1761 277 1841 plus
301 1780 316 1822 e
341 1769 403 1822 toto
426 1769 575 1823 terrarum
599 1761 671 1822 orbe
694 1761 844 1840 reliquum
868 1761 996 1842 Vitellio,
1020 1781 1109 1841 quam
1128 1764 1213 1842 quod
1231 1766 1307 1825 inter

130 1849 320 1912 Tarracinam
351 1850 551 1930 Narniamque
574 1853 677 1912 iaceat.
723 1852 794 1910 satis
823 1849 934 1928 gloriae
964 1850 1078 1929 proelio
1110 1851 1307 1915 Cremonensi

130 1948 250 2018 partum
283 1947 313 2000 et
345 1941 435 2000 exitio
464 1939 626 2001 Cremonae
654 1941 779 1999 nimium
808 1939 951 1998 inuidiae:
986 1957 1025 1998 ne
1058 1943 1309 2019 concupiscerent

90 2041 116 2082 1⁶
130 2028 253 2088 Romam
276 2046 383 2106 capere
401 2031 501 2107 potius
522 2047 610 2108 quam
629 2045 756 2089 servare.
793 2028 904 2086 maiora
922 2026 981 2086 illis
1006 2030 1138 2106 praemia
1157 2037 1190 2089 et
1216 2029 1308 2091 multo

129 2119 291 2176 maximum
315 2116 421 2196 decus,
445 2119 471 2176 si
493 2116 868 2180 incolumitatemsenatui
890 2114 1061 2194 populoque
1085 2116 1222 2179 Romano
1246 2121 1310 2179 sine

130 2206 274 2282 sanguine
298 2206 493 2282 quaesissent.
538 2205 586 2264 his
609 2223 644 2264 ac
666 2203 776 2264 talibus
798 2205 926 2283 mitigati
948 2205 1048 2264 animi.

168 2355 689 2424 16161666616616631161161167
778 2357 968 2480 matatmq
984 2355 1042 2410 Das
1060 2356 1186 2412 Verbum
1204 2359 1310 2414 richtet

130 2430 170 2480 tot
179 2427 328 2496 leqatorum
337 2427 538 2496 amicorumque
546 2429 691 2482 comitatus
745 2425 805 2482 sich
819 2427 880 2481 bier
895 2444 947 2481 nec
978 2427 1188 2483 661616116161
1198 2429 1310 2485 616166-

130 2498 265 2552 irritabilis
282 2497 321 2551 ad
337 2498 499 2566 parendum.
744 2498 799 2551 den
828 2497 963 2567 Subjelrte
992 2497 1032 2551 im
1058 2497 1202 2568 Singnler.
1243 2499 1309 2569 Vgl.

168 2573 209 2623 16.
229 2568 340 2623 animus
359 2567 461 2634 ‘Luet’,
479 2567 533 2623 wie
554 2567 583 2623 in
603 2569 692 2624 auima'
744 2567 784 2636 Π,
804 2574 838 2623 70
856 2574 937 2623 cram
954 2585 1022 2638 quoe
1038 2571 1121 2624 uaria
1138 2585 1200 2626 sore
1217 2587 1310 2626 rerum

130 2655 224 2695 causa.
746 2640 926 2709 lacrimaeque
944 2645 969 2694 et
985 2641 1175 2696 misericordia
1194 2643 1308 2698 subiret.

168 2716 209 2764 17.
228 2710 378 2781 tamquam]
398 2709 451 2764 mit
470 2710 535 2764 dem
548 2711 623 2765 Part.
644 2709 692 2764 bei
787 2710 1018 2782 ⁵1.quam]s.au
1038 2728 1061 2765 c.
1082 2717 1124 2778 70,
1144 2718 1169 2766 6.

130 2781 234 2848 timeri,
260 2781 313 2835 wie
339 2782 372 2837 A.
395 2780 461 2848 XV,
485 2787 519 2836 59
542 2782 690 2838 timebatur
779 2785 805 2835 8.
816 2781 1053 2850 ambtqmae‘noch
1062 2783 1308 2838 unenteohieden’.

130 2857 270 2921 tamquam
287 2853 382 2919 fauore
399 2853 520 2908 imbutus.
781 2857 822 2906 10.
846 2853 969 2907 cormeliis
991 2859 1018 2907 et
1039 2853 1158 2924 ratione]
1183 2871 1206 2909 s.
1225 2872 1262 2909 uu
1285 2871 1308 2909 c.

167 2928 209 2978 18.
228 2923 469 2993 moestitudinem]
488 2922 518 2976 in
536 2922 691 2977 konlrreter
744 2927 788 2990 20,
808 2929 824 2976 6
842 2923 901 2976 und
924 2939 947 2977 c.
967 2927 1010 2990 59,
1031 2929 1056 2978 8.

129 2991 308 3062 Bedeutung,
332 2995 385 3046 wie
404 2992 480 3049 Suet.
499 2994 571 3061 Aug.
592 2999 624 3047 17
648 3010 690 3048 re·
782 2998 824 3046 13.
843 2993 944 3064 iaceat]
964 2997 1036 3048 stett
1053 2998 1119 3048 esset
1136 2993 1206 3048 oder
1223 2997 1307 3050 situm

129 3065 205 3117 misit
233 3064 305 3118 boeti
328 3064 452 3117 iudicato
480 3065 692 3118 ueremitudiues
745 3069 811 3119 meet
820 3063 893 3117 nach
902 3063 968 3118 dem
976 3063 1128 3134 Vorgange
1138 3082 1195 3120 von
1204 3066 1308 3136 Nepos.

130 3135 283 3201 amicosque
301 3149 403 3198 ommam
428 3131 503 3188 Curt.
521 3132 570 3201 IV,
588 3139 637 3201 41,
656 3139 691 3187 28
783 3139 825 3188 14.
843 3134 954 3189 invidia
974 3135 1123 3205 ‘Ungnnet
1142 3135 1308 3206 Missliebig·

48 3259 58 3276 .
131 3204 250 3259 crederes
263 3203 456 3258 Alexandrum
474 3205 546 3258 iuter
563 3219 630 3258 suas
646 3221 692 3259 ue·
745 3203 1264 3276 161116161611663’,77166.82,96.
1281 3212 1304 3261 6.

131 3275 307 3329 cercitudiues
320 3276 394 3342 flere
410 3292 431 3328 s.
447 3273 689 3332 Muuellzuasr.
783 3281 826 3330 16.
844 3276 937 3346 meere]
957 3294 994 3333 sc.
1010 3277 1078 3347 fore,
1095 3277 1149 3332 wie
1162 3277 1212 3348 IV,
1228 3284 1271 3343 28,
1282 3284 1306 3332 3.

166 3344 239 3398 uiuit
252 3351 334 3400 atrox
342 3345 477 3414 parabat]
494 3346 585 3400 ‘hatte
598 3346 692 3400 nichte
746 3351 790 3413 63,
808 3351 833 3403 8.
854 3354 896 3414 76,
916 3353 941 3402 6.

130 3414 342 3483 Bedrohlichee,
357 3415 525 3471 Schlimmee
542 3417 615 3483 vor’3
634 3417 691 3487 vgl.
780 3418 1007 3489 incolumitatem]
1018 3418 1080 3472 ‘dae
1089 3417 1308 3488 Unengetestet-

133 3505 166 3541 zu
184 3486 219 3556 H,
239 3492 264 3552 1,
283 3493 308 3542 2.
746 3488 814 3557 sein,
828 3489 910 3544 einen
923 3489 1306 3559 unungeteetetenBestend‘

166 3558 216 3613 tu.
232 3557 692 3628 1.(16666766816611666116161,
746 3559 772 3614 d.
796 3558 815 3612 i.
835 3559 900 3613 dem
919 3558 1004 3614 Sinne
1021 3560 1096 3614 noch
1119 3578 1140 3616 s.
1160 3579 1185 3615 v.
1206 3578 1232 3618 e.
1251 3561 1309 3616 Un-

131 3635 166 3684 10
183 3635 253 3684 rbm.
271 3630 376 3685 Meilen
393 3630 484 3687 ndrdl.
502 3646 559 3685 von
576 3629 692 3697 Narnia,
745 3627 977 3685 verletulichkeit.

130 3717 178 3755 am
209 3699 381 3756 Weetebfall
415 3701 464 3755 der
497 3700 693 3771 Appenninen,
781 3702 841 3755 siue
871 3701 1019 3773 sanquine]
1060 3700 1146 3755 ‘ohne
1177 3700 1309 3756 Blutver·

127 3770 149 3839 j.
168 3769 241 3824 Dori
257 3770 426 3840 Casiglieno.
745 3770 875 3840 giessen'.
905 3771 932 3826 S.
947 3773 1014 3842 Agr.
1036 3770 1069 3826 16
1089 3778 1115 3827 et
1131 3773 1232 3828 seditio
1249 3774 1309 3828 eiua

167 3847 192 3922 2ς
212 3842 332 3922 6661166
348 3842 492 3923 eiquaque]
520 3842 585 3912 Vgl
600 3859 633 3926 ,⁰⁰
657 3846 691 3926 62
745 3843 882 3925 sauquiue
898 3845 985 3910 stetit3
1004 3843 1038 3897 A.
1052 3842 1152 3926 nise
1171 3844 1310 3900 trucidati

131 3912 693 4063 “tttuttttutt‘alattffl
745 3918 1222 4054 Vttfttadztttdzlt...
1244 3985 1311 4040 iuo-

168 4057 194 4106 3.
222 4052 277 4106 late
299 4052 491 4122 prospecturus]
529 4052 636 4106 ‘mdem
664 4069 694 4107 er
747 4071 810 4108 rum
824 4053 938 4108 demum
949 4071 1036 4124 opera
1045 4057 1160 4111 senalus
1173 4056 1310 4126 populns-

131 4123 194 4178 eine
209 4122 292 4177 776116
306 4121 440 4178 Auseicht
454 4122 620 4193 gewffle’,
639 4121 693 4178 wie
748 4141 802 4194 que
820 4125 964 4180 Romanus
987 4127 1136 4195 quaestum
1159 4126 1310 4182 incolumi-

132 4196 166 4250 u
185 4193 260 4261 XIV,
279 4199 304 4248 8.
746 4195 815 4250 tatis
829 4198 962 4265 capturus
976 4201 1059 4266 esset,
1074 4214 1138 4251 cum
1151 4215 1183 4252 re
1196 4214 1267 4253 vere
1279 4197 1310 4251 in

168 4270 193 4319 6.
207 4264 327 4336 mallum]
346 4281 383 4318 sc.
398 4280 541 4333 passuum.
568 4262 692 4320 Narniae
746 4282 780 4322 eo
794 4269 877 4334 66661,
891 4269 925 4321 ut
943 4269 1033 4322 statue
1047 4267 1172 4323 civitatis
1190 4267 1222 4322 in
1235 4286 1309 4322 eum·

133 4333 208 4390 enim
223 4338 316 4390 castre
328 4335 485 4404 hebebant3
500 4335 691 4405 78166868.
745 4354 823 4391 mum
841 4335 992 4394 discrimen
1009 4338 1204 4395 adduceretur.
