2752 4718
155 185 199 250 66
549 184 942 243 onormmsromsnnn

129 361 269 415 ⁵tantam
292 351 469 430 Vespasiano
493 351 676 433 snperbiam,
698 360 732 412 ut
753 354 901 430 privatum
924 351 1073 413 Vitellium
1096 360 1263 435 pateretur,
1284 373 1316 416 ne

157 445 252 503 victos
276 440 396 521 quidem
417 440 543 502 laturos:
571 443 612 501 ita
633 439 800 520 periculum
822 459 860 502 ex
880 441 1094 502 misericordia.
1130 444 1233 521 ipsum
1255 461 1316 504 sanc

156 548 260 592 senem
282 538 313 590 et
335 532 487 608 prosperis
510 529 701 608 adversisque
729 531 880 611 satiatum,
907 530 958 590 sed
983 529 1063 610 quod
1085 548 1210 610 nomen,
1238 550 1317 611 quem

157 626 268 681 statum
290 617 350 678 lilio
374 620 439 678 eius
463 617 637 678 Germanico
661 614 748 678 lore?
779 636 859 679 nunc
886 620 1043 697 pecuniam
1069 627 1100 680 et
1127 619 1270 681 familiam
1293 628 1318 681 et

156 708 260 769 beatos
279 706 453 786 Campaniae
472 709 556 767 sinus
573 708 720 785 promitti:
744 713 790 767 set
811 705 864 767 ubi
882 708 1041 785 imperium
1064 706 1264 786 Vespasianus
1280 710 1317 769 in·

117 804 145 844 1⁰
158 797 276 876 vaserit,
299 813 358 855 non
376 796 448 874 ipsi,
470 813 531 856 non
554 797 656 856 amicis
679 797 757 875 eius,
780 812 840 855 non
863 795 990 875 denique
1014 795 1197 857 exercitibus
1216 799 1319 858 securi·

156 893 248 946 tatem
280 885 338 944 nisi
371 885 516 945 exstincto
549 883 664 944 aemulo
695 883 867 944 redituram.
912 883 1037 944 Fabium
1072 883 1132 944 illis
1165 884 1319 966 Valentem,

156 975 306 1052 captivum
328 978 359 1032 et
381 970 500 1033 casibus
523 971 622 1032 dubiis
644 979 840 1052 reservatum,
867 990 1059 1050 praegravem
1080 972 1188 1053 fnisse,
1216 975 1321 1035 nedum

156 1061 275 1122 Primus
295 1078 328 1120 ac
346 1059 462 1121 Fuscus
480 1068 511 1121 et
529 1062 680 1139 specimen
698 1062 828 1140 partium
845 1060 999 1122 Mucianus
1017 1060 1108 1122 ullam
1124 1063 1158 1122 in
1176 1060 1322 1124 Vitellium

157 1151 216 1210 nisi
244 1148 398 1210 occidendi
424 1148 574 1210 licentiam
596 1148 732 1210 habeant
776 1167 837 1209 non
859 1167 876 1209 a
903 1148 1028 1210 Caesare
1049 1148 1240 1232 Pompeium,
1268 1169 1323 1211 non

117 1247 144 1288 1⁵
158 1237 195 1299 ab
222 1238 355 1318 Augusto
382 1237 543 1299 Antonium
569 1237 732 1298 incolumes
763 1237 898 1318 relictos,
929 1239 988 1297 nisi
1018 1237 1096 1298 forte
1127 1237 1323 1319 Vespasianus

157 1326 277 1388 altiores
301 1328 424 1405 spiritus
446 1335 542 1407 gerat,
565 1325 664 1387 Vitelli
686 1326 792 1406 cliens,
818 1345 886 1387 cnm
908 1325 1043 1386 Vitellius
1066 1325 1179 1406 collega
1202 1327 1323 1390 Claudio

195 1519 219 1568 5.
256 1518 362 1568 tantam
396 1515 564 1586 nsperbiom]
598 1513 656 1569 ‘ein
683 1530 714 1569 so
768 1515 932 1570 aemulum
956 1513 1062 1583 sprioht
1085 1513 1131 1568 die
1157 1514 1326 1584 Thatsaehe,

158 1584 469 1655 hohesSelbstgefrihl’.
484 1584 622 1654 Superbia
638 1584 715 1640 steht
768 1584 829 1639 dass
851 1584 898 1639 bei
915 1584 981 1639 Tae.
1004 1600 1041 1638 an
1064 1584 1140 1640 allen
1165 1592 1181 1640 '1
1201 1587 1323 1642 anderen

158 1654 223 1710 hier
239 1654 270 1709 in
287 1657 385 1724 gubern
404 1654 497 1723 Sinna,
517 1655 570 1711 wie
584 1656 650 1712 Hor.
669 1656 714 1714 od
768 1655 875 1710 Stellen
893 1655 1014 1710 mutos
1032 1655 1117 1710 steht.

158 1725 211 1795 111,
230 1732 279 1793 3ο,
304 1732 338 1780 14
361 1743 436 1782 sorra
456 1727 612 1797 superbiam
634 1742 715 1797 quoe·
805 1731 846 1782 12.
865 1726 1273 1800 omsbsssdubiisreserootom]
1288 1729 1328 1796 nt,

157 1799 240 1854 sitnm
257 1798 369 1853 meritis.
768 1795 877 1852 siforte
891 1812 936 1850 res
949 1799 1047 1851 contra
1067 1795 1225 1868 cecidisset,
1244 1799 1329 1863 habe·

189 1868 343 1940 mommo]
377 1868 442 1923 Non
468 1868 538 1924 adeo
565 1869 715 1940 superbum
767 1869 838 1935 rent,
861 1883 912 1937 per
934 1882 1018 1935 qnam
1040 1883 1058 1922 a
1081 1867 1199 1924 Vitellio
1223 1868 1329 1926 victore

161 1940 192 1994 et
218 1939 346 2009 potentia
370 1939 538 2009 fortunaque
568 1938 717 1996 temerarie
770 1938 881 1994 veniam
898 1937 1091 2008 impetrarant

158 2010 261 2065 fretum
286 2026 346 2066 esse
364 2011 581 2080 Vespasianum,
603 2013 636 2065 nt
653 2027 718 2066 con-
803 2009 995 2132 praegravem}
1017 2009 1200 2079 ‘riberlastig
1228 2010 1330 2065 hbchst

158 2082 315 2150 tempturus
342 2083 416 2136 esset
444 2081 585 2136 aemulum
607 2080 718 2152 imperii
770 2079 950 2148 nnbequem'.
996 2096 1031 2134 on
1039 2079 1179 2134 Personen
1193 2080 1329 2150 ebensol,

159 2152 256 2218 talem,
274 2151 365 2219 qualis
378 2151 518 2220 Vitellius,
537 2151 561 2205 si
580 2154 718 2222 superstes
771 2155 815 2218 21,
829 2156 855 2205 4.
869 2150 902 2204 A.
916 2149 1125 2217 1V‚71.x1‚1s.
1140 2149 1216 2220 XIV,
1227 2158 1253 2206 3.
1275 2150 1330 2206 Um

159 2224 243 2287 esset,
286 2222 333 2274 rel
363 2221 488 2290 privatus
521 2224 605 2277 homo
636 2222 718 2277 foret
771 2220 825 2275 wie
835 2221 893 2275 viel
905 2220 1150 2291 wsmgerwnrdsn
1161 2221 1203 2277 sie
1213 2221 1275 2277 sich
1284 2239 1329 2293 ge·

158 2289 316 2346 Doderleim
771 2291 876 2358 nieren,
889 2290 1144 2361 desgelihrlichen
1156 2293 1330 2348 Pratenden·

194 2378 229 2415 ne
245 2362 331 2416 victos
348 2363 454 2430 quidem
473 2362 589 2432 loturos]
604 2379 641 2417 sc.
660 2362 716 2432 pri·
769 2364 818 2417 ten
836 2360 897 2417 sich
914 2380 948 2416 ru
966 2361 1139 2432 entledigenl

158 2434 265 2487 ratum.
300 2431 353 2486 Die
371 2431 495 2502 besiegte
509 2431 603 2487 Partei
621 2433 717 2489 warda
806 2438 847 2488 13.
873 2434 1007 2502 mamea
1019 2433 1157 2504 pontum]
1177 2450 1234 2504 quo
1257 2436 1330 2489 tam·

158 2503 240 2558 ihren
263 2503 339 2558 alten
356 2501 539 2572 Kriegsherrn
561 2503 648 2558 durch
671 2503 717 2558 ein
769 2519 855 2572 qnam
881 2502 1007 2573 principe
1025 2506 1055 2558 et
1073 2504 1187 2559 auctore
1206 2503 1329 2574 partium

159 2573 422 2629 Pronnnciamiento
455 2575 559 2629 wieder
586 2574 637 2630 anf
662 2575 717 2630 don
769 2573 913 2644 ingenium
935 2573 1023 2644 ipsius
1047 2574 1179 2630 babonis
1198 2575 1329 2646 cognosci

158 2644 253 2700 Thron
274 2663 308 2698 zu
330 2645 451 2700 erheben
469 2645 606 2700 trsehten.
642 2631 717 2700 iiber
769 2647 873 2714 posset
896 2644 1003 2700 Ironioe
1021 2644 1136 2700 dictum.
1161 2645 1327 2701 Germanice

158 2733 193 2772 ne
207 2747 240 2756 -
254 2715 716 2786 quimms.zu11,15‚e.tteuks
772 2715 961 2778 ‘Musterbild‚
1004 2716 1239 2785 Hauptrertreter
1280 2717 1329 2770 der

158 2789 298 2843 vermutet
324 2805 358 2842 oe
384 2789 469 2842 victos
492 2789 599 2857 guidem
626 2789 718 2842 loturo
771 2785 888 2844 Partei’.
907 2817 941 2827 —
959 2773 1034 2842 Uber
1056 2787 1101 2842 die
1124 2785 1255 2858 Stellung
1278 2787 1327 2842 der

158 2857 653 2929 undgiebtdazndieErlslarungzve
687 2875 717 2912 a·
770 2855 941 2926 Apposition
958 2875 980 2914 s.
999 2874 1034 2910 ru
1052 2873 1076 2912 e.
1090 2863 1134 2925 31,
1156 2863 1197 2912 11.

159 2928 252 2984 sianus
274 2929 299 2983 si
321 2929 381 2983 acie
404 2928 529 2996 vicisset,
551 2930 647 2984 tamen
694 2929 717 2982 i·
807 2932 848 2983 15.
862 2944 919 2982 son
931 2928 1078 2984 inoolmnes
1089 2928 1209 3000 relictos]
1221 2929 1328 2999 Hyper·

158 2999 270 3054 tellium
297 2999 448 3066 occideret,
476 2999 579 3053 nedum
605 3000 716 3069 privato
769 2998 833 3053 bole
852 2999 975 3053 oratoria
997 3000 1051 3068 est,
1075 2998 1131 3053 nisi
1156 2998 1230 3054 forte
1253 3016 1326 3055 asse·

159 3069 268 3123 homini
280 3069 356 3122 haud
368 3085 474 3138 parvae
489 3069 637 3124 etiamtum
650 3087 717 3125 auc·
769 3069 891 3124 statores
913 3067 1022 3124 Vitellii
1043 3069 1216 3125 accuratiore
1240 3087 1326 3139 quarn

158 3139 282 3194 inritatis
313 3141 424 3208 parcat;
466 3141 596 3210 suspecta
630 3139 717 3209 igitur
769 3140 906 3195 nostrates
924 3139 1051 3195 historici
1064 3140 1183 3195 scientia
1200 3143 1328 3197 veterum

159 3208 327 3278 Vespasiani
333 3209 530 3264 misericordia.
548 3210 718 3281 Abergegen
770 3226 863 3266 rernm
879 3209 982 3266 imbuti
999 3211 1119 3266 fuerunt

162 3279 210 3334 die
238 3278 394 3350 Erhlarung
425 3297 481 3335 von
514 3281 598 3336 motos
630 3283 718 3337 durch
805 3282 863 3336 nisi
879 3281 949 3348 sorte
968 3282 1124 3406 ...μεως
1140 3282 1258 3337 Warum
1277 3283 1328 3337 der

159 3351 186 3405 si
212 3351 270 3405 acie
296 3351 403 3405 vicum
430 3350 536 3420 spricht
562 3353 649 3408 sehon
672 3353 718 3407 die
770 3351 852 3420 Konj.
871 3352 942 3406 nach
960 3353 1018 3408 nisi
1034 3354 1104 3419 forta

160 3421 356 3491 Bezeiohnnng
373 3421 542 3492 Vespasians
561 3422 603 3477 als
622 3423 719 3494 Siegsr
808 3429 848 3477 16.
872 3424 983 3479 altiores
1004 3423 1131 3494 epidico]
1156 3422 1183 3477 d
1202 3423 1222 3479 i.
1240 3423 1329 3479 maio·

160 3493 200 3562 (Z.
220 3498 238 3547 4
255 3494 287 3547 in
306 3494 419 3548 libidine
436 3494 566 3562 oimorm).
771 3511 831 3549 rem
848 3493 1007 3562 snperbiam
1024 3495 1054 3549 et
1071 3493 1278 3549 confidentiam,

196 3570 219 3620 6.
244 3565 443 3636 ιιιιζιειίεονάία]
472 3582 508 3621 sc.
537 3564 596 3620 lore
614 3565 717 3634 Vespa·
811 3565 916 3636 Vitella]
950 3565 1043 3620 ‘eines
1075 3563 1233 3619 Vitellins'.
1275 3564 1328 3620 Ge·

160 3635 246 3692 siano.
283 3635 407 3691 Deshalb
430 3636 472 3691 sei
495 3636 548 3691 anf
567 3635 717 3705 Schonnng
769 3636 858 3691 meint
876 3636 915 3690 ist
932 3634 962 3688 L.
984 3633 1122 3704 Vitellius,
1142 3635 1191 3690 des
1205 3635 1330 3760 Impera·

158 3723 214 3762 von
229 3706 318 3761 seiten
330 3707 475 3768 desselben
485 3707 624 3762 durabans
638 3706 717 3762 nicht
769 3709 828 3762 tors
846 3705 946 3775 vater,
969 3706 1016 3761 ein
1037 3705 1150 3761 Freund
1173 3706 1223 3761 des
1265 3711 1330 3762 asar

158 3795 194 3830 zu
211 3778 340 3833 rechnen.
770 3777 912 3845 Claudius,
930 3777 984 3832 mit
996 3778 1061 3833 dem
1073 3793 1236 3832 zusammen
1250 3793 1280 3832 er
1293 3783 1330 3832 43

195 3851 220 3900 8.
250 3847 422 3918 Germanico]
450 3849 507 3918 vgl.
533 3848 573 3918 II,
596 3855 630 3904 33
653 3865 716 3904 moe
769 3867 795 3905 n
815 3847 878 3903 Chr.
902 3847 952 3903 das
969 3847 1108 3904 Konsulat
1129 3865 1193 3902 num
1211 3847 1330 3903 aweiten

159 3918 316 3970 unioosom
342 3919 488 3972 sanatam
513 3935 652 3974 occanere
672 3922 715 3975 io·
768 3920 827 3974 und
849 3925 883 3975 43
906 3937 934 3975 ιι.
953 3918 1015 3974 Chr.
1038 3937 1101 3973 anm
1124 3919 1232 3974 dritten
1254 3919 1330 3974 Male

160 3987 235 4053 santi
252 3988 310 4054 filio
327 3988 402 4042 labet
414 3990 603 4059 perlatumque
624 3995 649 4044 et
664 4006 715 4058 po·
768 3990 935 4046 behleidete.
972 3989 1220 4046 sostratae
1235 3989 1284 4058 XI,
1303 3995 1329 4045 3.

161 4058 316 4113 lodaooecto
353 4065 475 4128 motam
505 4061 570 4114 sino
600 4061 719 4115 retinens
771 4061 824 4116 Die
849 4061 953 4117 Oensnr
974 4060 1024 4115 des
1042 4059 1175 4115 Claudius
1198 4061 1257 4115 und
1280 4060 1330 4116 Vi-

141 4128 353 4185 ·Germanioam
372 4131 529 4200 appellavit.
566 4115 641 4186 liber
659 4130 719 4186 sein
771 4132 866 4188 tellina
888 4129 935 4186 fiel
957 4131 986 4186 in
1008 4131 1053 4186 die
1072 4131 1158 4187 Jahre
1175 4136 1282 4186 47-51
1302 4149 1329 4187 n.

160 4200 339 4256 Lebensende
358 4219 379 4256 s.
397 4199 445 4270 lV,
464 4206 506 4256 80.
772 4203 845 4272 Chr,
862 4202 968 4258 welche
986 4201 1157 4273 ffinijl'shriga
1169 4202 1266 4257 Daner
1283 4202 1329 4256 die

197 4277 222 4327 9.
242 4273 334 4327 beatus
355 4272 519 4342 ‘gesegnet’.
772 4273 888 4344 (lenem,
911 4273 965 4328 wie
988 4290 1038 4331 ror
1061 4278 1114 4327 434
1136 4291 1164 4329 n
1192 4272 1270 4340 Chr,
1299 4289 1329 4327 so

198 4349 240 4397 11.
266 4343 382 4414 aemulo]
406 4342 503 4412 Gegen
526 4342 571 4400 die
594 4343 718 4414 Vulgata
771 4345 874 4401 wieder
899 4360 990 4414 gagen
1011 4343 1090 4399 Ende
1114 4343 1165 4399 der
1186 4342 1331 4414 Republik
