2752 4718
140 121 184 186 98
532 117 654 174 TACITI
674 116 930 174 HISTORIARUM

143 284 373 366 deprecantibus
403 285 503 345 omisit
534 284 669 365 Priscus,
702 285 806 364 variis,
838 291 879 344 ut·
903 290 973 344 sunt
1006 283 1159 344 bominum
1188 286 1312 366 ingenia,

143 373 330 436 sermonibus
349 373 581 434 moderationem
600 373 782 434 laudantium
804 380 855 432 aut
874 373 1069 432 constantiam
1088 373 1314 450 requirentium.

102 477 129 517 10
232 463 371 524 Ceterum
400 480 435 522 eo
463 469 584 522 senatus
612 462 673 542 die,
706 480 765 540 quo
798 461 834 520 de
864 462 990 539 imperio
1019 459 1191 539 Vespasiani
1215 479 1314 521 cense-

141 552 226 631 bant,
248 551 400 630 placuerat
427 552 505 610 mitti
528 550 564 609 ad
589 552 754 628 principem
778 549 900 627 legatos.
945 549 1015 608 hinc
1042 550 1122 609 inter
1147 547 1314 610 Helvidium

142 649 172 702 ei
194 640 319 719 Eprium
338 657 406 699 acre
429 640 572 716 iurgium:
602 638 725 698 Priscus
754 637 822 716 eligi
849 638 1024 697 nominatim
1047 655 1064 697 a
1090 637 1315 716 magistratibus

141 732 261 809 iuratis,
288 727 445 788 Marcellus
472 745 578 787 urnam
606 725 788 806 postulabat,
821 743 896 805 quae
924 724 1056 786 consulis
1079 725 1229 804 designati
1253 745 1316 786 sen·

142 820 234 879 tentia
257 817 363 876 iuerat.

112 884 131 948 7
233 904 290 965 Sed
315 903 446 963 Marcelli
470 903 602 964 studium
620 905 761 983 proprius
780 902 873 963 rubor
891 901 1047 982 excitabat,
1070 921 1108 962 ns
1127 902 1194 964 aliis
1214 903 1315 964 electis

142 992 331 1074 posthabitus
373 992 560 1072 crederetur,
596 991 796 1070 paulatimque
828 1008 883 1069 per
919 989 1143 1051 altercationem
1178 991 1216 1052 ad
1250 1010 1317 1052 con·

143 1085 242 1143 tinuas
266 1088 295 1141 et
317 1081 441 1141 infestas
464 1083 613 1141 orationes
636 1081 770 1160 provecti
793 1087 876 1160 sunt,
900 1086 1063 1157 quaerente
1081 1078 1227 1161 Ilelvidio,
1248 1079 1317 1160 quid

143 1173 184 1231 ita
207 1169 363 1230 Marcellus
387 1169 530 1229 iudicium
554 1171 780 1248 magistratuum
803 1174 989 1247 pavesceret:
1013 1185 1079 1228 esse
1097 1167 1142 1228 illi
1159 1171 1318 1248 pecuniam

116 1253 174 1320 ⁵et
198 1258 410 1338 eloquentiam,
443 1259 510 1336 quis
534 1258 642 1318 multos
671 1259 810 1337 anteiret,
840 1257 872 1316 ni
894 1257 1037 1316 memoria
1059 1255 1243 1334 flagitiorum
1270 1275 1317 1317 ur·

144 1355 295 1426 gueretur.
327 1353 408 1405 sorte
431 1354 462 1406 et
485 1363 559 1405 urna
582 1364 682 1407 mores
705 1363 765 1405 uon
788 1345 933 1405 discerni:
957 1343 1096 1422 suffragia
1120 1353 1151 1406 et
1169 1346 1317 1406 existima-

145 1439 256 1495 tionem
280 1441 401 1494 senatus
423 1441 556 1514 reperta,
584 1437 671 1496 utin
699 1435 845 1512 cuiusque
873 1434 962 1492 vitam
990 1433 1157 1512 famamque
1182 1441 1318 1512 penetra-

145 1531 222 1584 rent.
259 1525 410 1602 pertinere
433 1521 469 1581 ad
493 1522 651 1584 utilitatem
674 1521 892 1601 reipublicae,
915 1523 1067 1600 pertinere
1090 1522 1125 1581 ad
1145 1521 1319 1600 Vespasiani

145 1611 302 1693 honorem,
326 1629 486 1670 occurrere
510 1610 567 1692 illi,
591 1629 666 1691 quos
688 1611 950 1671 innocentissimos
974 1617 1095 1670 senatus
1117 1609 1241 1690 habeat,
1269 1612 1320 1690 qui

105 1695 132 1736 ²⁰
144 1701 279 1762 honestis
303 1697 491 1760 sermonibus
519 1718 606 1762 aures
634 1701 822 1778 imperatoris
849 1697 983 1758 inbuant.
1024 1698 1117 1759 fnisse
1140 1697 1321 1778 Vespasiano

145 1941 323 2009 expostulata
348 1944 391 1996 esi
415 1940 513 1996 Calvia
536 1939 706 2010 Crispinilla,
797 1939 824 1996 t.
841 1946 864 1995 1.
876 1940 1009 2008 proprias
1018 1939 1115 2010 rnbor]
1133 1940 1323 2009 ‘persdnliche

146 2014 194 2065 sed
210 2012 392 2095 ...periculo
411 2014 543 2096 exempta
562 2013 615 2077 θεὲ,
638 2016 706 2094 0.·89
761 2011 884 2066 Schem'.
922 2009 985 2079 Vgl.
1005 2027 1027 2064 c.
1048 2015 1096 2078 iio,
1116 2016 1159 2066 14.

531 2083 622 2222 M
796 2080 1047 2207 ..77]
1066 2079 1211 2207 MM

146 2223 251 2276 eandm
269 2223 337 2289 fmt3
357 2225 391 2278 A.
410 2223 463 2290 ΠΙ,
483 2228 517 2276 59
535 2225 665 2277 recitatae
683 2228 708 2276 et
761 2223 872 2278 werden
900 2223 1034 2278 emender
1061 2224 1325 2293 anigegengeaetat‚

145 2291 237 2346 Drusi
255 2293 395 2360 epistulae,
413 2310 579 2363 quamquam
596 2295 635 2347 ad
652 2308 707 2347 mo-
760 2291 888 2348 wieLiv.
902 2291 950 2360 IV,
966 2299 1020 2360 s,1
1041 2308 1102 2347 cnm
1117 2311 1218 2350 ...res
1232 2313 1332 2364 aper-

146 2364 261 2418 destiam
292 2365 394 2431 flexae,
424 2379 477 2432 pro
505 2364 707 2432 superbissimis
756 2365 850 2434 petuis
873 2364 1045 2419 orationibus
1069 2365 1101 2418 in
1118 2365 1331 2421 altercationem

145 2435 335 2502 accipirmtnm
363 2433 411 2503 IV,
436 2440 469 2490 27
493 2435 585 2489 eadem
607 2439 708 2489 aestate
760 2437 883 2490 uertisset
901 2438 954 2489 etc.

145 2509 218 2559 mota
239 2521 291 2574 per
314 2506 432 2560 Italiam
453 2507 561 2561 seruilis
584 2506 647 2560 belli
668 2521 708 2560 se·
796 2511 822 2559 4.
848 2506 983 2560 indiciam
1011 2504 1069 2560 ‘die
1096 2504 1325 2578 Mntscheidung'

146 2578 224 2630 mina
241 2577 300 2642 fors
318 2577 459 2645 oppressit.
762 2576 789 2630 d.
808 2575 827 2630 i.
853 2575 910 2630 ‘die
928 2575 1036 2630 Wahl'.

183 2651 207 2701 8.
227 2647 329 2718 omisit]
354 2647 463 2703 Anders
481 2647 552 2702 wind
570 2647 620 2702 der
638 2644 708 2701 Aus-
792 2646 959 2717 patesceret]
978 2664 999 2700 s.
1018 2665 1052 2700 uu
1070 2645 1124 2714 III,
1143 2650 1187 2712 66,
1209 2654 1251 2703 10.

147 2715 709 2858 ,Man
763 2718 1322 2845 ..ussermannus

147 2859 229 2912 cellns
248 2875 334 2968 paam
356 2861 536 2929 eiopnentiam
559 2876 638 2914 snam
660 2875 707 2928 op·
761 2875 866 2929 sprung
893 2858 934 2927 (in
957 2859 1007 2912 der
1030 2850 1208 2929 Wahlirage)
1231 2861 1322 2916 haben

143 2930 253 2997 posuit.
297 2946 353 2998 qna
385 2931 523 2984 accinctas
554 2935 579 2984 et
609 2931 708 2985 minax
760 2928 877 2984 wairde’.

147 2999 278 3052 disertam
294 3000 418 3066 quidem,
435 3002 482 3054 sed
500 3002 708 3054 inexercitatam
798 3007 823 3055 6.
836 3003 907 3054 sorte
920 3005 946 3055 et
958 3000 1046 3071 mna]
1060 2999 1125 3054 Tac.
1140 3002 1322 3056 verschmdht

147 3072 172 3120 et
208 3069 266 3122 eins
297 3070 373 3122 modi
403 3071 582 3124 certaminum
613 3073 708 3125 radent
762 3071 816 3126 den
835 3070 981 3126 Gabrauch
1001 3087 1058 3126 von
1080 3071 1261 3141 Synonymen
1284 3075 1322 3127 ian

146 3136 273 3219 Helvidii
296 3139 462 3205 sapientiam
480 3141 567 3194 elusit.
606 3171 640 3180 -
667 3141 709 3196 Za
761 3141 960 3196 rednerischen
978 3141 1032 3196 Stil
1050 3140 1189 3196 durchnus
1208 3142 1297 3198 nicht.

147 3212 238 3262 mann
261 3213 378 3277 anginae
401 3225 492 3274 mum,-
520 3228 540 3264 s.
564 3227 587 3266 c.
612 3216 707 3277 '18‚12
797 3214 895 3280 atores]
915 3229 936 3266 s.
956 3228 990 3266 ru
1007 3212 1055 3279 ΠΙ,
1075 3219 1117 3280 71,
1136 3218 1160 3266 3.

147 3279 245 3333 omisso
262 3279 342 3333 boste.
800 3288 824 3337 7.
840 3284 960 3351 reperire
979 3282 1161 3353 ‘einfahrem
1175 3281 1230 3338 wie
1246 3288 1327 3340 sonat

183 3354 207 3404 9.
236 3351 392 3404 constantia
422 3348 606 3421 ‘Festigkeii,
635 3350 709 3406 Kon-
762 3352 839 3407 wohl
856 3354 981 3408 inuenire
998 3354 1082 3408 steht.

112 3472 116 3480 ,
147 3419 287 3487 sequenn'.
330 3409 406 3476 Uber
445 3422 621 3478 landantimn
651 3422 710 3476 und
795 3429 939 3492 penetrare
951 3423 1045 3479 ‘einen
1058 3424 1178 3479 tieferen
1190 3423 1325 3480 Einblick

145 3492 342 3560 requirentimn
366 3509 388 3546 s.
408 3510 441 3547 au
460 3491 483 3560 I,
502 3497 533 3559 4,
552 3497 576 3547 5.
761 3492 855 3548 ihun'.

182 3567 224 3615 10.
243 3561 370 3634 ceteram]
392 3561 514 3618 Hiermii
527 3564 628 3618 nimmia
643 3562 708 3618 Tac.
798 3569 822 3619 8.
833 3565 972 3636 pertinere
981 3565 1030 3636 ad]
1044 3565 1085 3619 ‘es
1095 3565 1224 3635 gereiche
1235 3585 1270 3620 aa
1281 3597 1329 3635 —-,

146 3630 201 3686 den
220 3632 285 3702 Gap.
307 3639 325 3686 4
344 3634 575 3703 abgabrochenen
593 3632 709 3690 Bericht
762 3651 792 3689 es
811 3635 925 3690 seiron
942 3634 1024 3690 Wart
1042 3634 1087 3689 fur
1100 3636 1157 3690 -’.
1184 3635 1252 3706 Vgl.
1268 3637 1325 3695 Cic.

145 3703 215 3757 iiber
233 3703 278 3756 die
297 3703 508 3773 Senatssitaung
530 3705 634 3761 wieder
652 3705 708 3760 auf.
761 3723 790 3776 p.
812 3703 882 3760 Sest.
905 3711 921 3771 §
940 3711 973 3760 71
994 3707 1131 3774 pertinere
1152 3711 1178 3762 et
1201 3709 1239 3761 ad
1262 3724 1327 3763 con·

182 3777 224 3825 12.
243 3789 262 3826 a
279 3775 488 3841 mapictratibns
505 3776 620 3846 iuratis]
645 3776 663 3831 i.
684 3791 708 3831 e.
762 3777 885 3832 cordiam
904 3777 1010 3831 civilem
1029 3779 1144 3846 pntaait
1165 3782 1191 3831 et
1208 3779 1248 3832 ad
1264 3795 1327 3847 per-

147 3842 351 3923 aconaulibus,
371 3860 435 3896 oum
453 3843 514 3898 inre
528 3844 646 3901 iurando
661 3863 708 3900 an·
762 3847 874 3915 finiendi
899 3848 1072 3915 facultatem,
1103 3849 1229 3902 animam
1259 3849 1328 3904 an-

145 3912 194 3965 tea
212 3926 242 3965 ae
261 3912 475 3967 obstrinxissent
503 3930 532 3968 se
550 3916 709 3971 nominatn·
761 3919 835 3972 saris
853 3934 872 3972 a
890 3933 976 3973 cansa
992 3934 1050 3973 non
1068 3919 1225 3984 abborrere;
1250 3920 1326 3989 Nep.

145 3997 206 4053 ros,
230 3997 300 4048 quos
319 3981 407 4051 deligi
433 3999 497 4036 ere
515 3984 630 4052 publica
649 4002 709 4042 essa
761 3987 859 4057 Epam.
879 3993 910 4056 2,
929 3994 947 4041 4
968 3989 1041 4044 banc
1059 3989 1262 4059 (velocitatem)
1287 3993 1330 4047 ad

47 4093 51 4099 .
145 4055 299 4107 censerent.
760 4058 825 4114 beili
842 4061 944 4128 (usum)
963 4061 1139 4118 mannaan
1158 4062 1306 4128 pertinere.

182 4128 224 4177 13.
242 4140 317 4178 urna
337 4122 393 4178 ‘die
408 4123 495 4178 Wahl
514 4123 616 4179 durchs
629 4125 707 4182 Los'.
798 4134 839 4186 10.
858 4130 963 4185 bonesti
975 4146 1109 4186 sermones
1124 4131 1182 4185 ‘dis
1196 4129 1330 4200 Sprnohe

181 4195 302 4249 conantis
325 4194 475 4265 desipnatr]
500 4194 609 4250 Valerii
629 4195 709 4253 Asia·
760 4198 811 4255 der
829 4199 968 4268 Tagend'.

146 4260 197 4316 tici
215 4265 248 4332 (c.
267 4270 293 4330 4,
315 4267 367 4332 11).
796 4271 928 4341 inbuant]
948 4287 970 4327 s.
989 4289 1024 4326 aa
1040 4270 1090 4340 III,
1110 4275 1152 4340 15,
1173 4277 1214 4326 12.
