3028 4800
136 255 139 260 .
183 193 228 258 50
582 189 703 244 Tnolni
721 187 975 244 Hieronmnmt

184 358 244 418 illis
268 365 319 418 aut
341 357 489 416 honorare
513 373 576 416 eam
601 355 723 416 caedem
745 357 793 416 ius
815 353 969 414 hominnm
993 361 1044 413 aut
1063 353 1167 414 ulcisci
1190 355 1266 414 ratio
1290 353 1361 416 belli

158 445 385 526 spermittebat.
423 442 601 506 distulerant
619 450 770 522 tamquam
788 445 899 503 maiora
919 444 1072 525 meritum,
1099 461 1187 521 quam
1207 461 1282 521 quae
1302 450 1359 504 sta·

185 537 239 596 tim
262 533 500 613 exsolverentur,
523 551 579 593 nec
604 533 762 611 quicquam
786 531 864 592 ultra
888 531 1025 592 traditur.
1068 539 1201 592 ceterum
1227 539 1256 591 et
1280 533 1359 610 prio-

185 622 270 684 ribus
293 624 402 683 civium
424 621 510 682 hellis
534 639 587 699 par
611 620 708 681 scelus
736 620 891 681 inciderat.
936 637 1003 680 nam
1032 619 1157 700 proelio,
1193 639 1252 698 qno
1280 621 1360 698 apud

184 710 348 774 Ianiculum
372 711 514 770 adversus
538 709 661 770 Cinnam
684 715 848 787 pugnatum
876 715 934 788 est,
962 707 1161 787 Pompeianus
1189 707 1274 768 miles
1303 709 1359 768 lra-

185 808 261 860 trem
287 818 387 878 snum,
416 798 485 859 dein
508 799 627 876 cognito
651 797 783 858 facinore
808 815 839 858 se
863 798 962 875 ipsum
984 796 1149 877 interiecit,
1177 803 1211 857 ut
1234 796 1360 857 Sisenna

147 904 173 943 to
188 895 345 950 memorat:
377 887 460 947 tanto
488 889 585 946 acrior
613 886 691 964 apud
720 887 847 946 maiores
879 886 958 945 sicut
985 884 1145 945 virtutibus
1178 885 1284 966 gloria,
1307 887 1360 947 ita

185 977 305 1054 flagitiis
328 977 508 1054 paenitentia
532 975 596 1036 fuit.
642 973 695 1034 sed
717 973 791 1034 haec
814 974 929 1052 aliaque
953 991 988 1034 eu
1012 981 1111 1034 vetere
1139 975 1282 1034 memoria
1309 992 1360 1053 pe-

186 1067 248 1125 tita.
280 1065 419 1143 quotiens
442 1081 491 1124 res
519 1063 663 1141 locusque
688 1061 820 1140 exempla
844 1063 920 1122 recti
943 1069 994 1122 aut
1017 1061 1126 1122 solacia
1153 1062 1223 1122 mali
1245 1071 1360 1144 poscet,

185 1153 263 1214 haud
288 1153 416 1213 absurde
439 1151 679 1212 memorabimus.

131 1240 176 1305 52
274 1241 402 1302 Antonio
426 1240 614 1319 ducibusque
637 1241 767 1318 partium
790 1240 941 1317 praemitti
964 1239 1080 1316 equites
1099 1257 1276 1317 omnemque
1291 1238 1360 1299 Um·

187 1329 281 1390 briam
315 1329 462 1408 explorari
498 1329 622 1408 placuit,
660 1330 686 1388 si
718 1345 775 1406 qua
808 1328 976 1406 Appennini
1007 1329 1075 1404 iuga
1106 1326 1282 1388 clementius
1310 1328 1359 1388 ad·

186 1420 317 1498 irentur3
340 1419 431 1478 acciri
450 1417 563 1496 aquilas
583 1419 739 1496 signaque,
763 1422 794 1476 et
813 1415 956 1494 quidquid
976 1414 1109 1476 Veronae
1128 1415 1256 1476 militum
1275 1417 1362 1496 locet,

186 1501 360 1586 Padumqn‘e
384 1513 414 1576 et
437 1523 518 1566 mare
538 1504 753 1585 commeatibus
778 1503 929 1582 compleri.
968 1511 1052 1564 erant
1075 1505 1154 1564 inter
1178 1504 1284 1584 duces,
1309 1507 1362 1584 qni

158 1602 342 1655 snecterent
366 1613 476 1655 moras:
509 1595 619 1673 quippe
643 1595 753 1652 nimius
776 1594 835 1652 iam
858 1593 1005 1652 Antonius
1034 1600 1064 1652 et
1087 1595 1215 1652 certiora
1239 1611 1275 1653 ex
1298 1593 1366 1654 Mu>

186 1684 271 1744 ciana
300 1682 505 1762 sperabantur,
551 1700 679 1760 namque
707 1680 862 1742 Mucianus
886 1687 946 1740 tam
974 1680 1066 1740 celeri
1093 1683 1216 1742 victoria
1245 1684 1362 1763 amine,

220 1876 245 1928 4.
265 1871 410 1942 honorare]
434 1871 453 1928 i.
474 1887 497 1925 e.
516 1837 621 1926 honore
647 1868 745 1924 habito
837 1874 878 1923 10.
897 1867 987 1940 tacto]
1006 1869 1097 1923 nofiir
1114 1869 1202 1924 tltere
1216 1868 1363 1924 Klersiker

184 1941 364 1996 remunerari.
690 1943 694 1948 ’
800 1941 868 1996 adeo
886 1955 980 2008 engen.

146 2083 151 2092 Ι
183 2011 466 2138 Npplltp‘odlppllppri‘die
479 2011 685 2081 Kriegsraison,
700 2011 745 2064 die
836 2011 928 2064 aerior
948 2009 1144 2078 ‘lebendiger'.

185 2153 205 2208 O
282 2083 499 2208 bGVIeIgIesg.
520 2081 592 2206 4Vpl.
608 2081 655 2150 IV,
666 2088 710 2151 63,
720 2087 745 2138 4.
837 2081 1360 2205 11ὲ1εὲυυοέεθτρξζιιειηονίαρεῆια]“Ζῦςθ

207 2170 262 2210 ees.
303 2195 308 2207 .
355 2195 361 2207 .
494 2193 546 2218 ,.
800 2168 850 2206 aus
912 2168 942 2205 er
999 2169 1043 2205 1.

221 2232 245 2278 ὃ.
270 2193 456 2292 άὶιιιιῑεναπί]’
475 2224 559 2278 Ratio
582 2222 745 2292 plusquam·
837 2227 878 2276 12.
889 2222 966 2292 recta]
978 2222 996 2276 i.
1008 2238 1031 2276 e.
1042 2221 1162 2290 honesti,
1174 2223 1235 2276 ‘des
1245 2222 1362 2290 Gnten',

184 2295 303 2363 perfecti
322 2294 392 2348 heeo
411 2295 462 2362 est,
482 2294 566 2362 quod,
585 2310 657 2362 quae
670 2311 746 2348 nuno
799 2293 852 2348 wie
876 2293 928 2358 IV,
952 2297 971 2345 ὅ
991 2295 1059 2348 recti
1076 2295 1210 2361 pervicac
1217 2314 1227 2358 ;
1253 2294 1318 2364 Agr.
1345 2299 1359 2346 1

185 2365 297 2419 demum
312 2381 362 2433 por
371 2365 573 2434 digressionem
587 2365 745 2433 narrantur,
799 2364 987 2433 ipmoramtr'cm
1004 2365 1072 2418 recti
1085 2369 1110 2418 et
1123 2365 1273 2430 inuidiam,
1292 2365 1361 2420 Hor.

184 2437 242 2490 iam
275 2435 384 2504 pridem
417 2437 549 2518 proxima
581 2437 639 2492 ooe'e
670 2435 747 2490 facta
800 2434 845 2489 od.
864 2433 911 2502 IV,
931 2439 956 2501 4,
976 2435 1211 2490 screationum.

185 2507 257 2560 sunt.
294 2505 454 2561 Doderlein.
491 2505 569 2576 Fuge
595 2505 635 2560 im
658 2507 744 2560 Dent
831 2505 934 2576 poscet]
946 2505 1130 2560 Gewdhnlich
1139 2505 1241 2560 nimmi
1250 2522 1363 2574 poscere
1417 2571 1420 2580 ⁸

186 2578 271 2632 sehon
292 2576 398 2645 ‘gleioh
417 2577 538 2632 damals'
559 2577 651 2635 hinnu.
679 2577 745 2646 Vgl.
799 2576 839 2630 im
860 2576 1048 2643 Nebensotze,
1071 2593 1153 2631 wenn
1176 2593 1218 2632 res
1242 2575 1363 2646 Subjokt

186 2666 220 2702 nu
238 2647 272 2716 ΙΙ,
291 2653 317 2715 5,
338 2654 378 2702 12.
799 2646 850 2714 ist,
869 2647 935 2700 kein
955 2647 1060 2716 Objekt
1078 2663 1112 2700 nu
1131 2645 1200 2704 sich.

220 2719 369 2789 tamquam]
388 2719 481 2773 ‘anter
494 2719 559 2774 dem
572 2719 744 2789 Vorgeben’.
837 2724 878 2774 13.
901 2719 977 2774 hund
1001 2719 1118 2772 absurde
1141 2719 1360 2789 memorabimus]

187 2789 214 2846 S.
234 2807 268 2844 nn
286 2791 333 2858 IV,
354 2795 395 2858 19,
417 2795 459 2844 13.
801 2789 850 2842 ‘zu
864 2790 1013 2844 eruthnen
1026 2789 1096 2842 wird
1111 2788 1359 2844 schioklichsein'.

221 2867 246 2914 6.
261 2862 472 2932 exsolverentur]
490 2861 532 2916 ‘es
546 2861 605 2916 ihm
615 2861 745 2930 abgetra-
835 2858 883 2914 52.
903 2865 927 2914 2.
947 2860 984 2930 se]
1004 2878 1025 2914 s.
1045 2877 1080 2914 nu
1098 2876 1122 2914 c.
1141 2866 1188 2928 30,
1209 2866 1232 2915 7.

185 2948 248 3000 gen,
267 2932 326 2984 ihm
342 2933 490 3001 vergolten
504 2933 616 2986 werden
630 2931 743 2988 konne'.
835 2931 1003 3001 clementius]
1039 2931 1058 2986 i.
1086 2947 1110 2984 e.
1138 2929 1245 2986 leniore
1274 2931 1361 2986 cliro.

219 3003 307 3073 ultra]
327 3002 394 3056 Was
408 3004 507 3056 weiter
521 3004 620 3056 durans
639 3018 745 3071 gewor-
800 3001 832 3057 G.
854 3007 868 3055 1
889 3003 1027 3056 clementer
1046 3003 1117 3056 edito
1135 3003 1209 3070 dopo.

185 3071 242 3126 den
260 3071 307 3141 ist,
325 3072 396 3126 wird
414 3071 494 3155 nicht
512 3072 659 3154 beriohtet.
835 3073 912 3126 adiri
932 3073 1111 3141 ‘zugdnglich
1131 3072 1212 3145 sein'.

186 3149 249 3267 od:
270 3142 746 3295 “ddiltilltlldldnlld
835 3148 859 3268 2:
878 3142 1171 3282 latuerunt
1189 3213 1237 3282 n,
1257 3219 1300 3281 a,
1317 3220 1360 3270 n,

88 3352 89 3356 ἵ
186 3284 236 3337 der
250 3283 428 3350 Epitomator
444 3283 492 3338 des
506 3283 602 3339 Inmus
617 3289 659 3351 79,
677 3283 744 3338 Gra·
799 3283 861 3340 Sen.
881 3284 915 3338 de
934 3284 977 3339 ire.
994 3284 1042 3352 HI,
1062 3286 1107 3353 39)
1127 3303 1148 3341 s.
1168 3303 1191 3340 v.
1206 3302 1231 3339 a.
1250 3300 1361 3339 moram

186 3354 248 3408 nius
266 3351 426 3410 Licinianus
448 3371 474 3422 p.
496 3360 530 3410 25
554 3355 607 3424 (ed.
628 3355 744 3423 Teubn.)
799 3371 833 3409 ex
847 3370 926 3410 more
941 3355 1128 3424 interponere,
1144 3355 1254 3409 ‘immeo
1268 3372 1360 3411 neuen

185 3425 243 3478 und
257 3424 320 3480 Vel.
335 3425 408 3480 Mox.
422 3424 456 3492 V,
472 3430 497 3493 5,
512 3433 537 3492 4,
557 3443 609 3480 nur
623 3425 684 3480 dass
699 3427 744 3481 die
798 3424 964 3480 Aufenthali
990 3427 1137 3482 bereiien'.
1182 3425 1247 3496 Vgl.
1273 3427 1359 3496 Verg.

185 3495 287 3549 beiden
324 3495 459 3550 letcteren
505 3497 558 3550 den
598 3497 744 3566 getdteten
799 3498 868 3550 Aen.
888 3496 936 3567 IV,
955 3503 988 3552 at
1012 3513 1162 3567 causasque
1180 3499 1285 3552 innecte
1302 3514 1360 3552 mo-

185 3567 271 3620 Mann
291 3567 354 3621 dem
378 3567 520 3621 Heerteile
539 3568 587 3621 des
608 3567 745 3622 Sertorius
798 3569 891 3623 randi.

185 3638 336 3704 nuweicen,
365 3639 415 3693 der
438 3637 546 3692 damali
575 3639 625 3693 auf
651 3637 746 3693 Seiten
834 3638 949 3708 nimius]
968 3637 1107 3708 περισσός,
1128 3638 1359 3708 ‘iibermdohtig'.

187 3708 289 3762 Cinnas
308 3709 393 3764 sochi.
422 3707 487 3778 Vgl.
505 3710 588 3776 noch,
606 3727 664 3764 was
679 3709 744 3764 Tse.
799 3707 865 3778 Agr.
886 3714 901 3763 7
926 3711 1027 3778 quippe
1050 3711 1146 3778 tepetis
1169 3725 1273 3779 quoque
1295 3726 1360 3764 con-

188 3794 210 3831 c.
229 3783 263 3832 25
283 3777 429 3846 cenchres,
444 3780 501 3834 und
516 3781 562 3836 die
577 3780 685 3835 Scenen
698 3781 745 3835 bei
798 3781 939 3834 sularibus
957 3782 1046 3834 mimia
1059 3797 1092 3836 ac
1109 3781 1287 3847 formidolosa
1301 3787 1362 3834 erat

188 3848 290 3902 Lucan.
311 3848 406 3906 Pharo.
426 3851 451 3915 Ι,
472 3856 523 3904 375
542 3850 600 3921 fgg.
798 3850 911 3920 (legio),
929 3850 1002 3907 Vell.
1021 3852 1060 3919 il,
1080 3857 1114 3906 32
1136 3851 1296 3920 Pompeium
1313 3853 1359 3904 rri-

222 3925 246 3973 9.
266 3919 367 3990 ciosum]
387 3937 493 3974 warum
513 3921 592 3976 nicht
605 3923 672 3991 epse,
690 3921 743 3978 wie
798 3923 883 3976 mium
901 3923 958 3977 iam
976 3923 1017 3976 rei
1034 3923 1166 3990 publicae.

185 3989 234 4058 IV,
254 3996 295 4056 11,
317 3995 349 4044 16
368 3991 460 4046 steht?
620 4047 622 4052 ,
836 3993 961 4062 certiore]
975 3991 1360 4061 ‘sicherereBelohnungen'.

222 4061 257 4115 L.
278 4059 421 4116 Cornelius
439 4061 566 4129 Sisenna,
584 4061 684 4118 Pr'dtor
703 4068 746 4132 78,
799 4061 863 4133 Vgl.
883 4064 918 4130 V,
929 4069 971 4118 -16
985 4065 1113 4133 praemia
1132 4069 1157 4119 et
1175 4065 1250 4134 quies
1267 4079 1360 4131 spera·

185 4132 336 4200 gestorben
358 4133 409 4186 anf
425 4133 508 4188 Creta
527 4133 569 4188 als
588 4133 679 4202 Legat
697 4133 746 4188 des
801 4135 891 4190 batur.

185 4203 337 4272 Pompeius
364 4204 404 4257 im
428 4203 679 4273 Seerduberkriege
704 4210 746 4270 67,
835 4222 869 4258 ecc
889 4205 1037 4276 Musiaco]
1057 4203 1235 4274 qnem'apud
1253 4204 1360 4272 Vespa·

186 4273 330 4328 Verfasser
358 4274 435 4328 einer
459 4271 628 4328 Geschichte
656 4273 747 4330 seiner
802 4275 910 4333 sianum
938 4275 1106 4330 auctoritate
1138 4273 1261 4330 Antonio
1294 4275 1360 4344 plns

184 4343 248 4398 Zeit
265 4344 295 4399 in
313 4344 559 4400 cltertiimelndem
579 4345 655 4400 Stile.
802 4347 897 4402 valere
917 4345 972 4400 sibi
990 4347 1198 4416 persuaserant.
